@MISC {web:odhapit,
    title = "Open Data Hub Api Tourism",
    month = "feb",
    year  = "2020",
    howpublished = "\url{http://tourism.opendatahub.bz.it/swagger/ui/index#/}"
}
@MISC {web:odhapiwm,
    title = "Big Data Platform REST API",
    month = "feb",
    year  = "2020",
    howpublished = "\url{http://ipchannels.integreen-life.bz.it/meteorology/swagger-ui.html#/}"
}
@MISC {web:bdpcoregit,
    month = "jan",
    year  = "2020",
    howpublished = "\url{https://github.com/noi-techpark/bdp-core}"
}
@MISC {web:bdpcommongit,
    month = "jan",
    year  = "2020",
    howpublished = "\url{https://github.com/noi-techpark/bdp-commons}"
}
@MISC{web:odhdoc,
    title = "Open Data Hub Documentation",
    month = "feb",
    year  = "2020",
    howpublished = "\url{https://opendatahub.readthedocs.io/en/latest/}"
}
@MISC{web:angular,
    title = "Angular",
    month = "feb",
    year  = "2020",
    howpublished = "\url{https://angular.io/}"
}
@MISC{web:angularmaterial,
    title = "Angular Material UI component library",
    month = "feb",
    year  = "2020",
    howpublished = "\url{https://material.angular.io/}"
}
@MISC{web:chartjs,
    title = "Chart.js",
    month = "feb",
    year  = "2020",
    howpublished = "\url{https://www.chartjs.org}"
}
@MISC{web:openlayers,
    title = "OpenLayers",
    month = "feb",
    year  = "2020",
    howpublished = "\url{https://openlayers.org/}"
}
